timestamp,amount,price,side,id
1769010206490,0.00002869,79381289.21,buy,9167919
1769010196657,0.00046031,79395178.0,buy,9167918
1769010054965,0.00126866,78829830.99,sell,9167917
1769009324939,0.00070285,79570088.7,buy,9167916
1769009026695,0.0001241,79610239.0,buy,9167915
1769008491673,0.00012511,79922406.0,buy,9167914
1769008223360,0.00012463,79276801.99,buy,9167913
1769008187611,0.00726752,79025683.0,sell,9167912
1769008142771,0.00607277,78972915.05,sell,9167911
1769008063008,0.00380307,78888192.26,sell,9167910
1769007815030,0.01574884,79279827.0,buy,9167909
1769007815030,0.009172,79279812.0,buy,9167908
1769007704259,0.00012462,79281172.0,buy,9167907
1769007018027,0.00143044,79043723.6,buy,9167906
1769007018027,0.009194,79043693.7,buy,9167905
1769006736484,0.00253164,79000000.0,sell,9167904
1769006736484,0.00006328,79000000.0,sell,9167903
1769006512790,0.00044304,79000000.0,sell,9167902
1769006382796,0.00101263,79002292.0,sell,9167901
1769005997182,0.00252152,79317003.0,buy,9167900
1769005634178,0.03462034,79318848.8,buy,9167899
1769005634178,0.02955226,79318838.0,buy,9167898
1769005424273,0.00006329,79006582.12,sell,9167897
1769005324038,0.00049852,79322200.7,buy,9167896
1769005169896,0.00342962,79361132.0,buy,9167895
1769005169896,0.009171,79361127.0,buy,9167894
1769005065039,0.00373476,79362398.0,buy,9167893
1769004991871,0.00124491,79363087.0,buy,9167892
1769004616682,0.00062084,79569704.0,buy,9167891
1769004421171,0.00619334,79758484.93,buy,9167890
1769004416704,0.00018578,79765470.0,buy,9167889
1769004358653,0.00088314,78222833.0,buy,9167888
1769004086827,0.0001571,78072264.03,sell,9167887
1769003586935,0.00016179,78224843.0,buy,9167886
1769003328571,0.00063594,78322642.0,sell,9167885
1769003153293,0.00051086,78421642.0,sell,9167884
1769003110299,0.00012752,78421642.0,sell,9167883
1769002673032,0.00229526,78422642.19,sell,9167882
1769002522452,0.00002896,78629394.0,buy,9167881
1769001801196,0.00019602,78527373.52,sell,9167880
1769001024465,0.00012542,78776557.0,buy,9167879
1769000369780,0.0001276,78386017.3,sell,9167878
1769000279457,0.00125474,78741169.0,buy,9167877
1769000173778,0.00125551,78692882.0,buy,9167876
1769000109937,0.00072284,78693412.0,buy,9167875
1768999904101,0.00062774,78695457.0,buy,9167874
1768999862497,0.00172422,78709566.0,buy,9167873
1768999471093,0.00025147,78576407.0,buy,9167872
1768999318565,0.00021634,78576752.0,buy,9167871
1768999283427,0.00314341,78577082.0,buy,9167870
1768998924973,0.04112174,78602661.0,buy,9167869
1768998924973,0.009256,78578112.0,buy,9167868
1768998575847,0.00012607,78366375.0,buy,9167867
1768998495757,0.00111004,78072264.03,sell,9167866
1768998302768,0.00127556,78396904.0,buy,9167865
1768998150728,0.00126225,78273221.0,buy,9167864
1768998007790,0.00006305,78409800.0,buy,9167863
1768998006374,0.00063046,78355139.0,buy,9167862
1768997708817,0.0100035,78013262.31,sell,9167861
1768997640836,0.00703285,78009000.0,sell,9167860
1768997640836,0.00127828,78230000.0,sell,9167859
1768997640836,0.00234986,78232000.0,sell,9167858
1768997630903,0.00631471,78230001.0,buy,9167857
1768997421172,0.00629295,78485889.0,buy,9167856
1768997369708,0.00022431,78604755.0,buy,9167855
1768996956807,0.01525049,78685973.0,sell,9167854
1768996956807,0.03177105,78687989.0,sell,9167853
1768996956807,0.00025068,78688100.0,sell,9167852
1768996731696,0.00012708,78688101.0,buy,9167851
1768996595943,0.00006259,78932198.0,buy,9167850
1768996568842,0.00625502,78976502.0,buy,9167849
1768996389474,0.00126582,79000000.0,sell,9167848
1768996064473,0.00063183,79135082.9,sell,9167847
1768995848701,0.00126103,79300000.0,sell,9167846
1768995848701,0.01261034,79300000.0,sell,9167845
1768995848701,0.00126096,79304299.75,sell,9167844
1768995848701,0.00243318,79304299.76,sell,9167843
1768995583554,0.0000284,80178994.0,buy,9167842
1768995572930,0.00123224,80179237.0,buy,9167841
1768995381930,0.00093619,80185837.0,buy,9167840
1768995381930,0.00029592,80183838.0,buy,9167839
1768995343445,0.00029639,79306299.0,sell,9167838
1768994894012,0.00615784,80222875.9,buy,9167837
1768994801890,0.00012315,80226853.0,buy,9167836
1768994776807,0.00006157,80227752.0,buy,9167835
1768994574157,0.00081267,80235468.0,buy,9167834
1768994328338,0.00123122,80245357.0,buy,9167833
1768993398023,0.00036923,80274800.0,buy,9167832
1768993201661,0.00025095,79695310.0,sell,9167831
1768991240830,0.00012301,80319276.9,buy,9167830
1768991013732,0.56023429,80324305.0,buy,9167829
1768991013732,0.002913,80200511.13,buy,9167828
1768991013732,0.189,80198159.9,buy,9167827
1768991013732,0.43364642,80195804.0,buy,9167826
1768991013732,0.661941,80195786.0,buy,9167825
1768991013732,0.002913,80195784.25,buy,9167824
1768991013732,0.00148023,80193473.57,buy,9167823
1768991013732,0.002913,80193458.57,buy,9167822
1768990911247,0.001482,79262937.56,sell,9167821
1768990805234,0.00124488,80323965.0,buy,9167820
1768990554783,0.00049197,80328792.0,buy,9167819
1768988264527,0.00002834,80367205.0,buy,9167818
1768987233544,0.0057625,80386723.0,buy,9167817
1768987051808,0.0002458,80390061.0,buy,9167816
1768982722102,0.00001228,80468578.0,buy,9167815
1768982721841,0.00012278,80468583.9,buy,9167814
1768982622537,0.00006139,80470680.0,buy,9167813
1768982481907,0.00001228,80473636.9,buy,9167812
1768981293596,0.0000565,79645928.0,buy,9167811
1768981293596,0.00019156,79643618.26,buy,9167810
1768980845852,0.00002853,79828292.0,buy,9167809
1768978079897,0.00024757,79816010.26,buy,9167808
1768977425628,0.00006327,79026860.71,sell,9167807
1768976277163,0.00072976,80138720.97,buy,9167806
1768976277163,0.00001906,79628000.0,buy,9167805
1768973960452,0.0438,79628000.0,buy,9167804
1768973551202,0.00006204,79628000.0,buy,9167803
1768973550613,0.00006204,79628000.0,buy,9167802
1768973536911,0.00062038,79628000.0,buy,9167801
1768973536528,0.00031019,79628000.0,buy,9167800
1768973536092,0.00023921,79628000.0,buy,9167799
1768973536092,0.000071,79627800.0,buy,9167798
1768973481781,0.00012408,79627800.0,buy,9167797
1768973225084,0.0000286,79627800.0,buy,9167796
1768971828853,0.00027717,79374881.6,sell,9167795
1768969951754,0.00372232,79627790.0,buy,9167794
1768968859200,0.00005722,79627790.0,buy,9167793
1768968087673,0.00012408,79627780.0,buy,9167792
1768967909601,0.00012408,79627790.0,buy,9167791
1768967084953,0.00024815,79627800.0,buy,9167790
1768966314743,0.00024816,79627790.0,buy,9167789
1768966206135,0.00000047,79627800.0,buy,9167788
1768966199859,0.00002512,79627790.0,buy,9167787
1768966080782,0.00620552,79615938.0,buy,9167786
1768965969149,0.0000286,79620608.0,buy,9167785
1768965772807,0.00002,79609078.0,buy,9167784
1768965772553,0.00002,79609078.0,buy,9167783
1768965595182,0.0000992,78844320.41,sell,9167782
1768965127123,0.00187803,79626458.0,buy,9167781
1768964829323,0.00024821,79608807.0,buy,9167780
1768964695130,0.0001,79610271.99,buy,9167779
1768964460688,0.0001241,79612411.0,buy,9167778
1768964269798,0.00153665,79410662.0,buy,9167777
1768964269798,0.00475987,79408359.09,buy,9167776
1768963628622,0.00012429,79487315.8,buy,9167775
1768963442920,0.00006219,79434631.0,buy,9167774
1768962622659,0.00155243,79552366.0,buy,9167773
1768962363555,0.00062039,79627781.0,buy,9167772
1768962255104,0.00102308,79627790.0,buy,9167771
1768961833346,0.00006204,79627785.0,buy,9167770
1768961708230,0.00012732,79194303.16,sell,9167769
1768961706699,0.00090708,79194303.16,sell,9167768
1768961380014,0.00125817,79480300.99,buy,9167767
1768961316253,0.00009462,78460746.0,sell,9167766
1768961223890,0.00006216,79473324.99,buy,9167765
1768960945266,0.00118072,78655207.93,sell,9167764
1768960537431,0.00111628,79631979.13,buy,9167763
1768960093481,0.00124417,79410529.0,buy,9167762
1768959755380,0.00006013,78707465.0,sell,9167761
1768959705020,0.00030711,79667131.0,buy,9167760
1768959648274,0.00379251,78518882.98,sell,9167759
1768959629738,0.00012392,79725625.96,buy,9167758
1768959599191,0.00931041,79725990.0,buy,9167757
1768959599191,0.003082,79725986.0,buy,9167756
1768959543525,0.00006086,79726945.0,buy,9167755
1768959455826,0.00025085,79728602.0,buy,9167754
1768959246061,0.00945999,79732151.0,buy,9167753
1768959246061,0.003082,79732146.0,buy,9167752
1768959142878,0.00030978,79733965.0,buy,9167751
1768959076685,0.00622694,79734969.9,buy,9167750
1768959076685,0.003082,79734966.0,buy,9167749
1768959076685,0.003082,79734951.0,buy,9167748
1768958952016,0.00010032,79737376.0,buy,9167747
1768958400474,0.00123885,79750904.0,buy,9167746
1768958333730,0.00002856,79752888.0,buy,9167745
1768958181245,0.00092909,79755759.0,buy,9167744
1768957934386,0.00012387,79761934.0,buy,9167743
1768957838894,0.0003716,79763739.0,buy,9167742
1768957662479,0.02114988,79767738.0,buy,9167741
1768957662479,0.003622,79767738.0,buy,9167740
1768957082582,0.00257214,79778236.0,buy,9167739
1768957082582,0.00362,79778232.9,buy,9167738
1768956980937,0.00123841,79779813.0,buy,9167737
1768956852490,0.0012809,79782564.0,buy,9167736
1768956647503,0.0012383,79786807.8,buy,9167735
1768956473971,0.00185735,79791082.0,buy,9167734
1768956457867,0.00123822,79791573.9,buy,9167733
1768956291734,0.00381988,79795995.0,buy,9167732
1768956291734,0.003609,79795985.9,buy,9167731
1768956145104,0.00012381,79800001.0,buy,9167730
1768955915337,0.00137837,79804892.0,buy,9167729
1768955905221,0.00222843,79805057.0,buy,9167728
1768955803084,0.00061551,79809205.0,buy,9167727
1768955803084,0.00557362,79807212.0,buy,9167726
1768955738312,0.00039599,79854326.0,buy,9167725
1768955738312,0.00362,79854311.0,buy,9167724
1768955738312,0.00031305,79852010.22,buy,9167723
1768955669311,0.00061788,79946872.0,buy,9167722
1768955666404,0.00123558,79951235.34,buy,9167721
1768955400372,0.00249586,79169021.0,buy,9167720
1768955386836,0.00124764,79177156.0,buy,9167719
1768955042331,0.00009387,78934273.0,buy,9167718
1768954953743,0.00025966,78398178.48,sell,9167717
1768954889533,0.00024987,79076518.9,buy,9167716
1768954878957,0.00010065,79091506.27,buy,9167715
1768954842451,0.0045047,79143671.0,buy,9167714
1768954842036,0.00006241,79143678.0,buy,9167713
1768954785287,0.00099729,79234694.12,buy,9167712
1768954235900,0.00626308,78872875.0,buy,9167711
1768953837532,0.01251877,78917127.0,buy,9167710
1768953654088,0.00035712,78155823.0,sell,9167709
1768953406723,0.00248303,79569714.0,buy,9167708
1768953262861,0.00075228,78209135.99,sell,9167707
1768953206993,0.00063931,78209135.99,sell,9167706
1768953180909,0.00213168,78822963.0,buy,9167705
1768953180909,0.01048758,78822687.07,buy,9167704
1768953120211,0.00012509,78963113.0,buy,9167703
1768952868339,0.00062129,79507338.0,buy,9167702
1768952763021,0.00079269,78219285.3,sell,9167701
1768952718898,0.00247532,79769528.15,buy,9167700
1768952623873,0.00626823,78810087.0,buy,9167699
1768952583312,0.00125254,78873056.0,buy,9167698
1768952059517,0.00250692,78815817.0,buy,9167697
1768952047990,0.02531793,78823910.0,buy,9167696
1768951970585,0.00008773,78829940.0,buy,9167695
1768951776056,0.00250666,78830017.0,buy,9167694
1768951649927,0.00002883,79003384.83,buy,9167693
1768951616974,0.01313257,78143136.08,sell,9167692
1768951372971,0.00126453,79080271.0,buy,9167691
1768951142966,0.00014991,79086004.0,buy,9167690
1768951040811,0.00012492,79088330.0,buy,9167689
1768950736802,0.00249825,79095126.0,buy,9167688
1768950648055,0.06058079,79097363.0,buy,9167687
1768950374399,0.00201257,79500000.0,sell,9167686
1768950096722,0.00006197,79715909.9,buy,9167685
1768949919692,0.00024787,79718922.0,buy,9167684
1768949631240,0.30263949,78009029.0,sell,9167683
1768949631240,0.00064011,78111111.0,sell,9167682
1768949631240,0.02876834,78350000.0,sell,9167681
1768949631240,0.00748267,78500000.0,sell,9167680
1768949558392,0.01799503,78500000.0,sell,9167679
1768949558392,0.00012738,78500000.0,sell,9167678
1768949558392,0.00010166,78500000.0,sell,9167677
1768949558392,0.00002497,78500000.0,sell,9167676
1768949551279,0.00124891,78500000.0,sell,9167675
1768949551279,0.00002494,78600001.0,sell,9167674
1768949493011,0.00395504,79986355.0,buy,9167673
1768949259047,0.00042231,78917344.0,buy,9167672
1768949259047,0.00583722,78915055.39,buy,9167671
1768949141010,0.0012483,79143123.78,buy,9167670
1768948745545,0.00037974,79000000.0,sell,9167669
1768948602587,0.00006216,79449766.88,buy,9167668
1768948517094,0.00153907,78600001.0,sell,9167667
1768948417260,0.00012658,79000000.0,sell,9167666
1768948417260,0.01012658,79000000.0,sell,9167665
1768948417260,0.00063291,79000000.0,sell,9167664
1768948417260,0.04240506,79000000.0,sell,9167663
1768948417260,0.00632913,79000000.0,sell,9167662
1768948417260,0.02842703,79000000.0,sell,9167661
1768948417260,0.06329114,79000000.0,sell,9167660
1768948417260,0.00031635,79024075.63,sell,9167659
1768948413704,0.02528295,79104703.0,sell,9167658
1768948413704,0.00018797,79104703.01,sell,9167657
1768948413704,0.00230654,79106703.0,sell,9167656
1768948410028,0.00378305,79301039.25,sell,9167655
1768948410028,0.00230083,79303039.0,sell,9167654
1768948203577,0.00626439,79816267.26,buy,9167653
1768948125805,0.00619313,79761453.0,buy,9167652
1768948070042,0.00243679,79877498.48,buy,9167651
1768947972239,0.00309485,79805904.0,buy,9167650
1768947922810,0.00061856,79839316.0,buy,9167649
1768947742682,0.00030931,79856378.0,buy,9167648
1768947716949,0.00407663,79333328.59,sell,9167647
1768947604462,0.00012516,79891539.0,buy,9167646
1768947515058,0.0012179,79894628.98,buy,9167645
1768947185770,0.00618726,79820456.0,buy,9167644
1768947184475,0.00456142,79285164.2,sell,9167643
1768947045787,0.00252386,79252901.0,sell,9167642
1768946903227,0.00006306,79293286.43,sell,9167641
1768946856769,0.00008632,80114268.05,buy,9167640
1768946650958,0.00734649,79998499.0,buy,9167639
1768946480601,0.00682542,79104751.5,sell,9167638
1768946480601,0.00229204,79107467.0,sell,9167637
1768946480601,0.0001264,79109074.0,sell,9167636
1768946480601,0.00063011,79350000.0,sell,9167635
1768946480601,0.00012602,79350000.0,sell,9167634
1768946027895,0.10290494,79155028.1,sell,9167633
1768946027895,0.00031476,79424076.0,sell,9167632
1768945619822,0.00035517,79745880.0,buy,9167631
1768945518606,0.00003701,80087620.7,buy,9167630
1768945454584,0.00247751,79752852.1,buy,9167629
1768945451438,0.00003484,79759807.0,buy,9167628
1768945440425,0.00502381,79500000.0,sell,9167627
1768945320612,0.00123843,79769115.62,buy,9167626
1768944972592,0.00002846,80028332.0,buy,9167625
1768944702248,0.00076235,79500000.0,sell,9167624
1768944702248,0.00678465,79502000.0,sell,9167623
1768944623584,0.00123346,80095048.0,buy,9167622
1768944473395,0.00691786,79512915.8,sell,9167621
1768943609770,0.00527511,79619265.89,sell,9167620
1768943413734,0.00007408,80019716.0,buy,9167619
1768943002567,0.00024097,80067530.0,buy,9167618
1768943002567,0.003806,80067529.0,buy,9167617
1768942930413,0.00012331,80114185.0,buy,9167616
1768942896158,0.0246611,79502000.0,sell,9167615
1768942896158,0.01257829,79502000.0,sell,9167614
1768942896158,0.00228061,79504000.0,sell,9167613
1768942830907,0.0002466,80131214.0,buy,9167612
1768942749012,0.00030824,80132282.0,buy,9167611
1768942159577,0.0006638,80138615.0,buy,9167610
1768942001146,0.00123289,80136880.0,buy,9167609
1768941804004,0.00187671,80070604.0,buy,9167608
1768941804004,0.00059455,80068281.95,buy,9167607
1768941734849,0.00017326,79831780.81,buy,9167606
1768941703440,0.00050314,79500000.0,sell,9167605
1768941404881,0.00061799,79936953.0,buy,9167604
1768941231219,0.00013836,79502305.5,sell,9167603
1768940842312,0.0001235,79999381.0,buy,9167602
1768940745169,0.0003083,80110567.0,buy,9167601
1768940586424,0.00000239,80042640.0,buy,9167600
1768940335124,0.00018797,79797347.99,buy,9167599
1768940221145,0.00012531,79797433.0,buy,9167598
1768940217566,0.00012651,79060568.68,sell,9167597
1768940182516,0.00379442,79530044.0,sell,9167596
1768940123731,0.00314347,79530044.0,sell,9167595
1768940107216,0.01527918,79530044.0,sell,9167594
1768939636167,0.05352764,80113406.0,buy,9167593
1768939636167,0.004113,80113391.0,buy,9167592
1768939636167,0.00404622,79630014.0,buy,9167591
1768939592771,0.00002481,79630014.0,buy,9167590
1768939561518,0.00003722,79630014.0,buy,9167589
1768939223550,0.00035361,79630014.0,buy,9167588
1768939157954,0.00063036,79324197.33,sell,9167587
1768938501262,0.00062037,79630014.0,buy,9167586
1768938305197,0.01054088,79000151.0,sell,9167585
1768938086998,0.00002852,79849383.0,buy,9167584
1768937887695,0.00006175,79991778.0,buy,9167583
1768937840657,0.00246925,80020390.0,buy,9167582
1768937632321,0.01710365,79000002.1,sell,9167581
1768937632321,0.00186595,79144274.0,sell,9167580
1768937612116,0.00000726,80179346.9,buy,9167579
1768937343992,0.00061467,80364668.0,buy,9167578
1768937237945,0.01824533,79002481.0,sell,9167577
1768937237945,0.00071193,79010035.0,sell,9167576
1768937237945,0.00063267,79029635.0,sell,9167575
1768937237945,0.00048978,79283699.0,sell,9167574
1768937084654,0.00360624,79747545.0,buy,9167573
1768937084654,0.00258766,79745232.32,buy,9167572
1768937074192,0.00012844,79283877.0,sell,9167571
1768936837144,0.00126206,79240081.0,sell,9167570
1768936798905,0.00012317,80196518.23,buy,9167569
1768936780705,0.21109015,79171826.0,sell,9167568
1768936780705,0.06554985,79172045.0,sell,9167567
1768936363912,0.00371178,79843894.16,buy,9167566
1768936230655,0.0003943,79979779.0,buy,9167565
1768936230655,0.004114,79979770.18,buy,9167564
1768936015492,0.00025244,79231674.0,sell,9167563
1768935724631,0.00006813,79764758.0,buy,9167562
1768935721595,0.00123788,79764878.0,buy,9167561
1768935713792,0.00012535,79771893.01,buy,9167560
1768935384355,0.00061737,79995273.06,buy,9167559
1768935361576,0.00024615,80028081.66,buy,9167558
1768935259541,0.00061588,80198318.0,buy,9167557
1768935029261,0.00470095,79079809.0,sell,9167556
1768935029261,0.00023905,79080036.0,sell,9167555
1768934572192,0.00006246,80055468.57,buy,9167554
1768934536351,0.00333219,79032058.86,sell,9167553
1768934486565,0.00006167,80103194.0,buy,9167552
1768934480959,0.0030789,79573850.0,sell,9167551
1768934264343,0.00033235,79011877.0,sell,9167550
1768934264343,0.00007566,79302000.0,sell,9167549
1768934264343,0.00567394,79310000.0,sell,9167548
1768934100239,0.00006166,80110635.0,buy,9167547
1768934094780,0.01294949,80110730.0,buy,9167546
1768934073137,0.00012482,80111114.0,buy,9167545
1768934058480,0.00441306,79310000.0,sell,9167544
1768933877021,0.001235,79302011.0,sell,9167543
1768933828464,0.00162647,80175169.0,buy,9167542
1768933818974,0.01134873,79304032.0,sell,9167541
1768933792214,0.00012472,80175917.0,buy,9167540
1768933750516,0.00012323,80176675.0,buy,9167539
1768933513835,0.01002558,79306725.0,sell,9167538
1768933513835,0.00258373,79308719.0,sell,9167537
1768933509377,0.00024644,80181797.0,buy,9167536
1768933335825,0.0001275,80184858.0,buy,9167535
1768932816376,0.001232,80194484.0,buy,9167534
1768932718473,0.00012469,80196883.0,buy,9167533
1768932685046,0.02463909,80197659.0,buy,9167532
1768932416155,0.00246377,80202196.0,buy,9167531
1768932300437,0.04093929,79346738.0,sell,9167530
1768932300437,0.00116961,79346884.0,sell,9167529
1768932203278,0.00012318,80206368.7,buy,9167528
1768932174729,0.00005381,79372763.0,sell,9167527
1768932127523,0.00189014,79359359.0,sell,9167526
1768931918970,0.0010764,79000565.3,sell,9167525
1768931918970,0.00018072,79009000.0,sell,9167524
1768931918970,0.00112924,79700000.0,sell,9167523
1768931649112,0.00055971,79138241.0,sell,9167522
1768931649112,0.0007039,79138474.0,sell,9167521
1768931622474,0.00012291,80380602.0,buy,9167520
1768931531018,0.0004914,80417668.0,buy,9167519
1768931492259,0.0019129,80440148.0,buy,9167518
1768931492259,0.004228,80440140.0,buy,9167517
1768931433886,0.00186125,80466766.9,buy,9167516
1768931379139,0.00614767,79009000.0,sell,9167515
1768931379139,0.00145764,79009001.0,sell,9167514
1768931379139,0.00092559,79010000.0,sell,9167513
1768931379139,0.00505078,79010001.0,sell,9167512
1768931379139,0.01100401,79650149.0,sell,9167511
1768931379139,0.00088595,79652149.0,sell,9167510
1768931349822,0.00106714,79652149.0,sell,9167509
1768931324209,0.01227069,80516158.9,buy,9167508
1768931320009,0.00002828,80516246.0,buy,9167507
1768931266907,0.00067066,80517014.0,buy,9167506
1768931180918,0.00030974,79652149.0,sell,9167505
1768931179428,0.00030964,79854149.0,sell,9167504
1768931179428,0.0000001,79854149.0,sell,9167503
1768931103700,0.00030954,79854149.0,sell,9167502
1768931103700,0.00000046,79856149.01,sell,9167501
1768931094835,0.001233,79856149.01,sell,9167500
1768930993828,0.00000576,80571005.0,buy,9167499
1768930993828,0.00011835,80568668.44,buy,9167498
1768930814032,0.00196537,80699648.9,buy,9167497
1768930814032,0.004224,79809672.83,buy,9167496
1768930775026,0.00040908,79014696.0,sell,9167495
1768930760033,0.0034016,79350642.0,sell,9167494
1768930504887,0.00249687,80100000.0,sell,9167493
1768929945689,0.00097898,80106000.0,sell,9167492
1768929165542,0.00037429,80150000.0,buy,9167491
1768929002519,0.00025,80000000.0,sell,9167490
1768928791878,0.0000249,79745383.02,sell,9167489
1768928748387,0.00256323,80150000.0,buy,9167488
1768928748387,0.002369,80100000.0,buy,9167487
1768928510382,0.00009358,79704153.35,sell,9167486
1768928446942,0.00009868,80100000.0,buy,9167485
1768928437369,0.00007022,80100000.0,buy,9167484
1768928437369,0.00854197,80100000.0,buy,9167483
1768928430286,0.00245441,80100000.0,buy,9167482
1768928065612,0.00123346,80099988.99,buy,9167481
1768927713310,0.01104663,79011917.1,sell,9167480
1768927713310,0.00628069,79609000.0,sell,9167479
1768927713310,0.00012514,79906635.0,sell,9167478
1768927657602,0.00003826,80099975.0,buy,9167477
1768927647079,0.00140168,80099990.0,buy,9167476
1768927647079,0.004157,80099986.0,buy,9167475
1768927623702,0.00402499,80100000.0,sell,9167474
1768927438032,0.00218006,80783810.9,buy,9167473
1768927438032,0.00136933,80781796.0,buy,9167472
1768927438032,0.00011934,80781468.26,buy,9167471
1768927328096,0.00242365,81520718.59,buy,9167470
1768927016926,0.00122813,80445461.95,buy,9167469
1768926990336,0.0001696,80100000.0,sell,9167468
1768926727121,0.00134672,80671593.0,buy,9167467
1768926588976,0.00011341,80110681.0,sell,9167466
1768926549473,0.00006101,80972232.39,buy,9167465
1768926438005,0.00012169,81181221.67,buy,9167464
1768926333198,0.00037452,80102000.0,sell,9167463
1768926291370,0.0017605,80100000.0,sell,9167462
1768926291370,0.0016096,80104025.01,sell,9167461
1768926051763,0.00024146,81788758.05,buy,9167460
1768925580119,0.00012198,80980100.5,buy,9167459
1768925554563,0.00099699,80246184.0,sell,9167458
1768925522169,0.00060926,81069458.0,buy,9167457
1768925444081,0.00486885,81162005.23,buy,9167456
1768925088660,0.00122458,80678532.0,buy,9167455
1768925050151,0.00305938,80721130.84,buy,9167454
1768924794052,0.00012237,80721179.95,buy,9167453
1768924760915,0.00189836,80097108.74,sell,9167452
1768924493023,0.00235759,81338489.9,buy,9167451
1768924376379,0.00018771,79908642.3,sell,9167450
1768923972511,0.00620481,80582617.0,sell,9167449
1768923957613,0.00122607,80582618.0,buy,9167448
1768923874433,0.00002821,80722762.0,buy,9167447
1768923539922,0.00012165,81193424.0,buy,9167446
1768923497169,0.00048624,81269377.0,buy,9167445
1768923349039,0.00865035,80578616.36,sell,9167444
1768923010817,0.00363659,81504600.0,buy,9167443
1768922907483,0.00181826,81506573.0,buy,9167442
1768922856424,0.00242431,81507512.0,buy,9167441
1768922849403,0.00060608,81507629.0,buy,9167440
1768922782572,0.00121214,81508695.0,buy,9167439
1768922661854,0.01110903,81512663.0,buy,9167438
1768922661854,0.00101088,81510688.0,buy,9167437
1768922587073,0.00100576,81533449.0,buy,9167436
1768922546438,0.00121176,81533995.0,buy,9167435
1768922301772,0.0060586,81536860.0,buy,9167434
1768922152669,0.00012264,81539033.9,buy,9167433
1768922058004,0.00011086,81540313.0,buy,9167432
1768922022891,0.00242329,81540846.0,buy,9167431
1768921956948,0.00060703,81541875.9,buy,9167430
1768921901964,0.00121164,81542612.0,buy,9167429
1768921475843,0.00331967,81547765.0,buy,9167428
1768921457713,0.00726932,81548062.0,buy,9167427
1768921205941,0.0006131,81552183.0,buy,9167426
1768920839947,0.00249105,80299068.1,sell,9167425
1768920812217,0.00006057,81558244.0,buy,9167424
1768920563706,0.00363401,81562239.0,buy,9167423
1768920551197,0.00242268,81562393.0,buy,9167422
1768920482400,0.0016096,81563436.97,buy,9167421
1768920482400,0.004447,81563421.97,buy,9167420
